<?xml version="1.0" encoding="UTF-8"?><collection xmlns="http://www.loc.gov/MARC21/slim"><record><leader>00478nam--2200145-i-4500</leader><controlfield tag="001">000010505</controlfield><controlfield tag="002">20161230</controlfield><controlfield tag="005">20161230201028</controlfield><controlfield tag="008">060222s1000------------r-----000-0-eng-d</controlfield><datafield ind1=" " ind2=" " tag="080"><subfield code="a">621.039.735:614.876</subfield></datafield><datafield ind1=" " ind2=" " tag="100"><subfield code="a">Alm. M., Johannsen, K.H</subfield></datafield><datafield ind1=" " ind2=" " tag="245"><subfield code="a">Unrerschungen zur dekontamination radio- jodihaltiger wasser unter einsatz synthe- tischer organischer ionenaustauscherhaze</subfield></datafield><datafield ind1=" " ind2=" " tag="260"><subfield code="a">Berlin, Staatliche Centrale Fur Strahlen- Schutz, 1972</subfield></datafield><datafield ind1=" " ind2=" " tag="490"><subfield code="a">144</subfield></datafield><datafield ind1=" " ind2=" " tag="852"><subfield code="a">37968</subfield></datafield></record></collection>